<?xml version="1.0" encoding="UTF-8"?><collection xmlns="http://www.loc.gov/MARC21/slim"><record><leader>00296nam--2200121-i-4500</leader><controlfield tag="001">000035194</controlfield><controlfield tag="002">20161230</controlfield><controlfield tag="005">20161230201040</controlfield><controlfield tag="008">060222s1000------------r-----000-0-eng-d</controlfield><datafield ind1=" " ind2=" " tag="245"><subfield code="a">Organic sulfur compounds</subfield></datafield><datafield ind1=" " ind2=" " tag="260"><subfield code="a">London, Pergamon Press, 1961, Ix + 624p</subfield></datafield><datafield ind1=" " ind2=" " tag="700"><subfield code="a">Kharasch, N</subfield></datafield><datafield ind1=" " ind2=" " tag="852"><subfield code="a">16534</subfield></datafield></record></collection>